
@article{Schlumberger_1937,
author = "Schlumberger, M. and Doll, H.G. and Perebinossoff, A.A.",
title = "Temperature Measurements in Oil Wells",
journal = "J. Inst. Pet. Technologist",
year = 1937,
month = "January",
number = 23,
pages = 129,
language = "english"
}

@article{Ramey_1962,
author = "Ramey, H.J., Jr",
title = "Wellbore Heat Transmission",
journal = "SPE Journal",
year = 1962,
month = "April",
language = "english"
}

@article{Alves_1992,
author = "Alves, I.N. and Alhanati, F.J.S. and Shoham, O",
title = "A Unified Model for Predicting Flowing Temperature Distribution in Wellbores and Pipelines",
journal = "SPE Journal",
year = 1992,
volume = 7,
number = 04,
language = "english"
}

@article{HasanKabir_1994,
author = "Hasan, A.R. and  Kabir, C.S.",
title = "Aspects of Heat Transfer During Two-phase Flow in Wellbores",
journal = "SPE Journal",
year = 1994,
month = 8,
volume = 9,
number = 03,
language = "english"
}


@article{Khasanov_TR_2006,
	author = "Хасанов, М.М. and Пашали, А.А. and Хабибуллин, Р.А. and Краснов, В.А.",
	title = "Оценка забойного давления механизированной скважины: теория и опыт применения",
	journal = "Научно-технический вестник ОАО НК Роснефть",
	year = 2006,
	month = "02",
	language = "russian"
}

@article{Marquez_2003,
	author = "Marquez, R.A. and Prado, M.G.",
	title = "A New Robust Model For Natural Separation Efficiency",
	journal = "SPE 80922-MS",
	year = 2003,
	language = "english"
}


@article{Perkins_1993,
	author = "Perkins, T.K. ",
	title = "Critical and Sub-Critical Flow of Multiphase Mixtures Through Chokes",
	journal = "SPE 20633, SPE Drilling and Complition",
	year = 1993,
	language = "english"
}

@article{Lee_1966,
	author = "Lee, A.L. and Gonzalez, M.H. and Eakin, B.E.",
	title = "The Viscosity of Natural Gases SPE-1340-PA",
	journal = "J Pet Technol ",
	year = 1966,
	language = "english"
}


@article{McCain_1991,
	author = "McCain Jr., W.D.",
	title = "Reservoir-Fluid Property Correlations-State of the Art (includes associated papers 23583 and 23594)",
	journal = "SPE Res Eng SPE-18571-PA",
	year = 1991,
	language = "english"
}

@article{SPE_117415_2008,
	author = "Дроздов, А.Н.. and Вербицкий, В.С. and Деньгаев, А.В. and Арсеньв, А.А and Литвиненко, В.А. and Хабибуллин, Р.А. and Литвиненко К.В. and Еличев, В.А.",
	title = "Результаты исследований работы погружных центробежных газосепараторов при эксплуатации 	скважин ООО «РН-Пурнефтегаз» с высоким входным газосодержанием. Сравнение стендовых и промысловых испытаний",
	journal = "SPE 117415",
	year = 2005,
	language = "russian"
}

@article{Kareem_2015,
	author = "Kareem, L.A. and Iwalewa, T.M. and Al-Marhoun, M.",
	title = "New explicit correlation for the compressibility factor of natural gas: linearized z-factor isotherms.",
	journal = "J Petrol Explor Prod",
	year = 2016,
	language = "english",
	DOI = "https://doi.org/10.1007/s13202-015-0209-3"
}