

@online{website_gksru_energy_consumption,
      author = {Росстат},
      title = {Промышленное производство: Потребление электроэнергии в Российской Федерации},
      year = {2015},
      url = {http://www.gks.ru/wps/wcm/connect/rosstat_main/rosstat/ru/statistics/enterprise/industrial/#},
  urldate = {19.01.2015},
  language = {russian}
}

