



@book{diss_Igrevesky_ESP_gas,
	author = {Игревский, В.И. },
	title = {Исследование влияния газовой фазы на характеристику многоступенчатого центробежного насоса при откачке газожидкостных смесей из скважин: дис. ... канд. тех. наук : 05.15.06},
	publisher = {М.},
	year = {1977},
	numpages = {190},
	language = {russian}
}