@book{HasanKabir_HeatTransfer_2002,
author = {Hasan, A.R. and  Kabir, C.S.},
title = {Fluid Flow and Heat Tranfer in Wellbores},
publisher = {SPE},
year = {2002},
numpages = {181},
language = {english}
}


@book{Yukos_PVT_2002,
	author = {Хасанов, М.М. and  Байков, В.А. and Афанасьев, В.Ю. and Мухамедшин, Р.К. and Булгакова, Г.Т. and Гладков, А.В.},
	title = {Стандарт компании ЮКОС. Физические свойства нефти. Методы расчета},
	publisher = {Уфа Москва},
	year = {2002},
	numpages = {45},
	language = {russian}
}

@book{KBrown_AL_methods_vol4,
	author = {Brown, K.E.},
	title = {The Technology of Artificial Lift Methods. Volume 4. Production Optimization of Oil and Gas Wells by Nodal System Analysis},
	publisher = {PennWell},
	year = {1984},
	numpages = {464},
	language = {english}
}

@book{Bratland_Pipe_Flow_1,
	author = {Bratland, O.},
	title = {Pipe Flow 1. Single-phase flow assurance},
	publisher = {drbratland.com},
	year = {2009},
	numpages = {367},
	language = {english}
}

@book{Bratland_Pipe_Flow_2,
	author = {Bratland, O.},
	title = {Pipe Flow 1. Multi-phase flow assurance},
	publisher = {drbratland.com},
	year = {2010},
	numpages = {379},
	language = {english}
}

@book{Gabor_ESP,
	author = {Gabor, T.},
	title = {Electrical Submersible Pumps Manual. 2nd edition},
	publisher = {Elsevier},
	year = {2018},
	numpages = {578},
	language = {english}
}